@MISC{NSF-19-68,
  author = {National Science Foundation, Budget Finance and Award Management Office},
   title = "{\it Major Facilities Guide}",
    year = 2019,
  handle = {NSF-19-68},
    note = {NSF official document},
     url = {https://www.nsf.gov/pubs/2019/nsf19068/nsf19068.pdf},
}
